<?xml version = "1.0" encoding = "UTF-8"?><record>
    <leader>00000nms#a2200000#c#4500</leader>
    <controlfield tag="003">DE-605</controlfield>
    <controlfield tag="005">20180709215300.0</controlfield>
    <controlfield tag="007">cr#|||||||||||</controlfield>
    <controlfield tag="008">130606m20099999ai######os#|########arm#c</controlfield>
    <controlfield tag="009">HT017664378</controlfield>
    <controlfield tag="001">990197023080206441</controlfield>
    <datafield tag="035" ind1=" " ind2=" ">
      <subfield code="a">HT017664378</subfield>
    </datafield>
    <datafield tag="035" ind1=" " ind2=" ">
      <subfield code="a">(DE-605)HT017664378</subfield>
    </datafield>
    <datafield tag="035" ind1=" " ind2=" ">
      <subfield code="a">(ALEPHCCHBZ)019702308HBZ01</subfield>
    </datafield>
    <datafield tag="016" ind1="7" ind2=" ">
      <subfield code="a">1035529734</subfield>
      <subfield code="2">DE-101b</subfield>
    </datafield>
    <datafield tag="016" ind1="7" ind2=" ">
      <subfield code="a">2719119-9</subfield>
      <subfield code="2">DE-600</subfield>
    </datafield>
    <datafield tag="035" ind1=" " ind2=" ">
      <subfield code="a">(DE-600)2719119-9</subfield>
    </datafield>
    <datafield tag="035" ind1=" " ind2=" ">
      <subfield code="a">(DE-599)ZDB2719119-9</subfield>
    </datafield>
    <datafield tag="040" ind1=" " ind2=" ">
      <subfield code="a">0206</subfield>
      <subfield code="b">ger</subfield>
      <subfield code="c">DNB</subfield>
      <subfield code="d">3501</subfield>
    </datafield>
    <datafield tag="041" ind1=" " ind2=" ">
      <subfield code="a">arm</subfield>
      <subfield code="a">eng</subfield>
    </datafield>
    <datafield tag="044" ind1=" " ind2=" ">
      <subfield code="c">XB-AM</subfield>
    </datafield>
    <datafield tag="084" ind1=" " ind2=" ">
      <subfield code="a">330</subfield>
      <subfield code="q">DE-600</subfield>
      <subfield code="2">zdbs</subfield>
    </datafield>
    <datafield tag="245" ind1="0" ind2="0">
      <subfield code="a">Hayastani azgayin ha&#353;ivner&#7865;</subfield>
      <subfield code="b">tarekan ev e&#7769;amsyakayin  tvyalner ; vi&#269;akagrakan &#382;o&#7769;okacol = National accounts of Armenia : annual and quarterly data ; statistical handbook</subfield>
      <subfield code="c">Hayastani Hanrapetowt&apos;yan Azgayin Vi&#269;akagrakan Ca&#7769;ayowt&apos;yown</subfield>
    </datafield>
    <datafield tag="246" ind1="1" ind2="1">
      <subfield code="a">National accounts of Armenia : annual and quarterly data ; statistical handbook</subfield>
    </datafield>
    <datafield tag="246" ind1="3" ind2=" ">
      <subfield code="a">National accounts of Armenia</subfield>
    </datafield>
    <datafield tag="247" ind1="0" ind2="0">
      <subfield code="a">National accounts of the Republic of Armenia</subfield>
      <subfield code="f">Parallelsacht. 1999/2003</subfield>
    </datafield>
    <datafield tag="264" ind1="3" ind2="1">
      <subfield code="a">Erevan</subfield>
      <subfield code="c">2009-</subfield>
    </datafield>
    <datafield tag="300" ind1=" " ind2=" ">
      <subfield code="a">Online-Ressource</subfield>
    </datafield>
    <datafield tag="336" ind1=" " ind2=" ">
      <subfield code="b">txt</subfield>
    </datafield>
    <datafield tag="337" ind1=" " ind2=" ">
      <subfield code="b">c</subfield>
    </datafield>
    <datafield tag="338" ind1=" " ind2=" ">
      <subfield code="b">cr</subfield>
    </datafield>
    <datafield tag="362" ind1="0" ind2=" ">
      <subfield code="a">Nachgewiesen 1999/2003(2006) -</subfield>
    </datafield>
    <datafield tag="363" ind1="0" ind2="1">
      <subfield code="8">1.1\x</subfield>
      <subfield code="i">1999/2003</subfield>
    </datafield>
    <datafield tag="500" ind1=" " ind2=" ">
      <subfield code="a">Fortsetzung der Druck-Ausgabe</subfield>
      <subfield code="9">F:501</subfield>
    </datafield>
    <datafield tag="546" ind1=" " ind2=" ">
      <subfield code="a">In armen.  u. lat. Schr.; Text armen. u. engl.</subfield>
    </datafield>
    <datafield tag="655" ind1=" " ind2="7">
      <subfield code="a">Zeitschrift</subfield>
      <subfield code="0">(DE-588)4067488-5</subfield>
      <subfield code="2">gnd-content</subfield>
    </datafield>
    <datafield tag="655" ind1=" " ind2="7">
      <subfield code="a">Statistik</subfield>
      <subfield code="0">(DE-588)4056995-0</subfield>
      <subfield code="2">gnd-content</subfield>
    </datafield>
    <datafield tag="710" ind1="2" ind2=" ">
      <subfield code="a">Armenien</subfield>
      <subfield code="b">Azgayin Vi&#269;akagrakan Ca&#7769;ayowt&apos;yown</subfield>
      <subfield code="0">(DE-588)10031970-1</subfield>
      <subfield code="4">isb</subfield>
    </datafield>
    <datafield tag="776" ind1="0" ind2="8">
      <subfield code="i">Druckausg.</subfield>
      <subfield code="t">Hayastani azgayin ha&#353;ivner&#7865;</subfield>
      <subfield code="d">2006-2016</subfield>
      <subfield code="w">(DE-605)HT015525789</subfield>
      <subfield code="9">F:776</subfield>
    </datafield>
    <datafield tag="776" ind1="0" ind2="8">
      <subfield code="i">Erscheint auch als</subfield>
      <subfield code="n">Druck-Ausgabe, 2006-2016</subfield>
      <subfield code="t">Hayastani azgayin ha&#353;ivner&#7865;</subfield>
      <subfield code="d">2006-2016</subfield>
      <subfield code="w">(DE-605)HT015525789</subfield>
      <subfield code="9">F:776</subfield>
    </datafield>
    <datafield tag="856" ind1="4" ind2="0">
      <subfield code="u">http://www.armstat.am/am/?nid=81&amp;pthid=acc&amp;year=&amp;submit=Search</subfield>
      <subfield code="x">Verlag</subfield>
      <subfield code="z">kostenfrei</subfield>
    </datafield>
    <datafield tag="856" ind1="4" ind2="0">
      <subfield code="u">http://www.armstat.am/en/?nid=81&amp;pthid=acc&amp;year=&amp;submit=Search</subfield>
      <subfield code="x">Verlag</subfield>
      <subfield code="z">kostenfrei</subfield>
    </datafield>
    <datafield tag="960" ind1="1" ind2=" ">
      <subfield code="z">lzZDB</subfield>
    </datafield>
    <datafield tag="964" ind1="0" ind2="s">
      <subfield code="F">030</subfield>
      <subfield code="A">a||u|||||||37</subfield>
    </datafield>
    <datafield tag="964" ind1="0" ind2="s">
      <subfield code="F">050</subfield>
      <subfield code="A">||||||||g|||||</subfield>
    </datafield>
    <datafield tag="964" ind1="0" ind2="s">
      <subfield code="F">052</subfield>
      <subfield code="A">pst||||a|||||||</subfield>
    </datafield>
    <datafield tag="MBD" ind1=" " ind2=" ">
      <subfield code="M">49HBZ_NETWORK</subfield>
      <subfield code="i">990197023080206441</subfield>
      <subfield code="n">HBZ Network</subfield>
    </datafield>
    <datafield tag="MBD" ind1=" " ind2=" ">
      <subfield code="M">49HBZ_FHA</subfield>
      <subfield code="i">991004134849706444</subfield>
      <subfield code="n">Fachhochschule Aachen</subfield>
    </datafield>
    <datafield tag="500" ind1=" " ind2=" ">
      <subfield code="a">Fortsetzung der Druck-Ausgabe</subfield>
      <subfield code="9">F:501</subfield>
      <subfield code="M">49HBZ_FHA</subfield>
    </datafield>
    <datafield tag="776" ind1="0" ind2="8">
      <subfield code="i">Druckausg.</subfield>
      <subfield code="t">Hayastani azgayin ha&#353;ivner&#7865;</subfield>
      <subfield code="d">2006-2016</subfield>
      <subfield code="w">(DE-605)HT015525789</subfield>
      <subfield code="9">F:776</subfield>
      <subfield code="M">49HBZ_FHA</subfield>
    </datafield>
    <datafield tag="776" ind1="0" ind2="8">
      <subfield code="i">Erscheint auch als</subfield>
      <subfield code="n">Druck-Ausgabe, 2006-2016</subfield>
      <subfield code="t">Hayastani azgayin ha&#353;ivner&#7865;</subfield>
      <subfield code="d">2006-2016</subfield>
      <subfield code="w">(DE-605)HT015525789</subfield>
      <subfield code="9">F:776</subfield>
      <subfield code="M">49HBZ_FHA</subfield>
    </datafield>
    <datafield tag="980" ind1="1" ind2=" ">
      <subfield code="9">LOCAL</subfield>
      <subfield code="e">HBZ</subfield>
      <subfield code="M">49HBZ_FHA</subfield>
    </datafield>
    <datafield tag="981" ind1=" " ind2=" ">
      <subfield code="9">LOCAL</subfield>
      <subfield code="a">(DE-A96)431336</subfield>
      <subfield code="M">49HBZ_FHA</subfield>
    </datafield>
    <datafield tag="997" ind1=" " ind2=" ">
      <subfield code="9">LOCAL</subfield>
      <subfield code="a">20130606</subfield>
      <subfield code="M">49HBZ_FHA</subfield>
    </datafield>
    <datafield tag="MBD" ind1=" " ind2=" ">
      <subfield code="M">49HBZ_UDE</subfield>
      <subfield code="i">990180472050206446</subfield>
      <subfield code="n">Universitat Duisburg-Essen</subfield>
    </datafield>
    <datafield tag="500" ind1=" " ind2=" ">
      <subfield code="a">Fortsetzung der Druck-Ausgabe</subfield>
      <subfield code="9">F:501</subfield>
      <subfield code="M">49HBZ_UDE</subfield>
    </datafield>
    <datafield tag="776" ind1="0" ind2="8">
      <subfield code="i">Druckausg.</subfield>
      <subfield code="t">Hayastani azgayin ha&#353;ivner&#7865;</subfield>
      <subfield code="d">2006-2016</subfield>
      <subfield code="w">(DE-605)HT015525789</subfield>
      <subfield code="9">F:776</subfield>
      <subfield code="M">49HBZ_UDE</subfield>
    </datafield>
    <datafield tag="776" ind1="0" ind2="8">
      <subfield code="i">Erscheint auch als</subfield>
      <subfield code="n">Druck-Ausgabe, 2006-2016</subfield>
      <subfield code="t">Hayastani azgayin ha&#353;ivner&#7865;</subfield>
      <subfield code="d">2006-2016</subfield>
      <subfield code="w">(DE-605)HT015525789</subfield>
      <subfield code="9">F:776</subfield>
      <subfield code="M">49HBZ_UDE</subfield>
    </datafield>
    <datafield tag="MBD" ind1=" " ind2=" ">
      <subfield code="M">49HBZ_DUE</subfield>
      <subfield code="i">990028218820206443</subfield>
      <subfield code="n">Universit&#228;t D&#252;sseldorf</subfield>
    </datafield>
    <datafield tag="500" ind1=" " ind2=" ">
      <subfield code="a">Fortsetzung der Druck-Ausgabe</subfield>
      <subfield code="9">F:501</subfield>
      <subfield code="M">49HBZ_DUE</subfield>
    </datafield>
    <datafield tag="776" ind1="0" ind2="8">
      <subfield code="i">Druckausg.</subfield>
      <subfield code="t">Hayastani azgayin ha&#353;ivner&#7865;</subfield>
      <subfield code="d">2006-2016</subfield>
      <subfield code="w">(DE-605)HT015525789</subfield>
      <subfield code="9">F:776</subfield>
      <subfield code="M">49HBZ_DUE</subfield>
    </datafield>
    <datafield tag="776" ind1="0" ind2="8">
      <subfield code="i">Erscheint auch als</subfield>
      <subfield code="n">Druck-Ausgabe, 2006-2016</subfield>
      <subfield code="t">Hayastani azgayin ha&#353;ivner&#7865;</subfield>
      <subfield code="d">2006-2016</subfield>
      <subfield code="w">(DE-605)HT015525789</subfield>
      <subfield code="9">F:776</subfield>
      <subfield code="M">49HBZ_DUE</subfield>
    </datafield>
    <datafield tag="MNG" ind1=" " ind2=" ">
      <subfield code="f">ILS</subfield>
      <subfield code="i">marc21</subfield>
      <subfield code="k">01</subfield>
      <subfield code="e">false</subfield>
      <subfield code="g">019702308-HBZ01</subfield>
      <subfield code="j">90</subfield>
      <subfield code="a">import</subfield>
      <subfield code="b">2020-07-16 17:53:12 Europe/Berlin</subfield>
    </datafield>
    <datafield tag="POR" ind1=" " ind2=" ">
      <subfield code="x">System</subfield>
      <subfield code="a">5331782570006444</subfield>
      <subfield code="M">49HBZ_FHA</subfield>
      <subfield code="c">static</subfield>
      <subfield code="l">kostenfrei</subfield>
      <subfield code="y">2020-07-23 14:28:57 Europe/Berlin</subfield>
      <subfield code="w">2020-07-23 14:28:51 Europe/Berlin</subfield>
      <subfield code="D">https://eu04.alma.exlibrisgroup.com/view/uresolver/49HBZ_NETWORK/openurl?u.ignore_date_coverage=true&amp;portfolio_pid=5331782570006444&amp;Force_direct=true</subfield>
      <subfield code="v">P2E_JOB</subfield>
      <subfield code="z">2020-07-23 12:28:51</subfield>
      <subfield code="i">false</subfield>
      <subfield code="S">5231782580006444</subfield>
      <subfield code="d">e?u.ignore_date_coverage=true&amp;rft.mms_id=991004134849706444</subfield>
      <subfield code="b">Available</subfield>
      <subfield code="f">BOOK</subfield>
      <subfield code="8">5331782570006444</subfield>
    </datafield>
    <datafield tag="POR" ind1=" " ind2=" ">
      <subfield code="x">System</subfield>
      <subfield code="a">5331782550006444</subfield>
      <subfield code="M">49HBZ_FHA</subfield>
      <subfield code="c">static</subfield>
      <subfield code="l">kostenfrei</subfield>
      <subfield code="y">2020-07-23 14:28:57 Europe/Berlin</subfield>
      <subfield code="w">2020-07-23 14:28:51 Europe/Berlin</subfield>
      <subfield code="D">https://eu04.alma.exlibrisgroup.com/view/uresolver/49HBZ_NETWORK/openurl?u.ignore_date_coverage=true&amp;portfolio_pid=5331782550006444&amp;Force_direct=true</subfield>
      <subfield code="v">P2E_JOB</subfield>
      <subfield code="z">2020-07-23 12:28:51</subfield>
      <subfield code="i">false</subfield>
      <subfield code="S">5231782560006444</subfield>
      <subfield code="d">e?u.ignore_date_coverage=true&amp;rft.mms_id=991004134849706444</subfield>
      <subfield code="b">Available</subfield>
      <subfield code="f">BOOK</subfield>
      <subfield code="8">5331782550006444</subfield>
    </datafield>
    <datafield tag="POR" ind1=" " ind2=" ">
      <subfield code="x">System</subfield>
      <subfield code="a">53102332110006443</subfield>
      <subfield code="M">49HBZ_DUE</subfield>
      <subfield code="c">static</subfield>
      <subfield code="l">kostenfrei</subfield>
      <subfield code="y">2020-07-06 17:38:20 Europe/Berlin</subfield>
      <subfield code="w">2020-07-06 17:38:16 Europe/Berlin</subfield>
      <subfield code="D">https://eu04.alma.exlibrisgroup.com/view/uresolver/49HBZ_NETWORK/openurl?u.ignore_date_coverage=true&amp;portfolio_pid=53102332110006443&amp;Force_direct=true</subfield>
      <subfield code="v">P2E_JOB</subfield>
      <subfield code="z">2020-07-06 15:38:16</subfield>
      <subfield code="i">false</subfield>
      <subfield code="S">52102332120006443</subfield>
      <subfield code="d">e?u.ignore_date_coverage=true&amp;rft.mms_id=990028218820206443</subfield>
      <subfield code="b">Available</subfield>
      <subfield code="f">DOCUMENT</subfield>
      <subfield code="8">53102332110006443</subfield>
    </datafield>
    <datafield tag="POR" ind1=" " ind2=" ">
      <subfield code="x">System</subfield>
      <subfield code="a">53102332130006443</subfield>
      <subfield code="M">49HBZ_DUE</subfield>
      <subfield code="c">static</subfield>
      <subfield code="l">kostenfrei</subfield>
      <subfield code="y">2020-07-06 17:38:20 Europe/Berlin</subfield>
      <subfield code="w">2020-07-06 17:38:16 Europe/Berlin</subfield>
      <subfield code="D">https://eu04.alma.exlibrisgroup.com/view/uresolver/49HBZ_NETWORK/openurl?u.ignore_date_coverage=true&amp;portfolio_pid=53102332130006443&amp;Force_direct=true</subfield>
      <subfield code="v">P2E_JOB</subfield>
      <subfield code="z">2020-07-06 15:38:16</subfield>
      <subfield code="i">false</subfield>
      <subfield code="S">52102332150006443</subfield>
      <subfield code="d">e?u.ignore_date_coverage=true&amp;rft.mms_id=990028218820206443</subfield>
      <subfield code="b">Available</subfield>
      <subfield code="f">DOCUMENT</subfield>
      <subfield code="8">53102332130006443</subfield>
    </datafield>
  </record>